@book{Fisher1932,
author = {Fisher, R.A.},
title = {Statistical Methods for Research Workers},
year = {1932},
publisher= {Oliver and Boyd, Edinburgh}}

@book{Stouffer1949,
author = {Stouffer, S. and DeVinney, L. and Suchmen, E.},
title = {The American Soldier: Adjustment During Army Life},
year = {1949},
volume = {1},
publisher = {Princeton University Press, Princeton, NJ}
}

@article{Liptak1958,
author = {Cummings, Peter},
journal = {Magyar Tud. Akad. Mat. Kutato Int. Kozl.},
pages = {171--197},
title = {On the combination of independent tests},
volume = {3},
year = {1958}
}


@article{Chen2011,
abstract = {Through simulation, Whitlock showed that when all the alternatives have the same effect size, the weighted z-test is superior to both unweighted z-test and Fisher's method when combining P-values from independent studies. In this paper, we show that under the same situation, the generalized Fisher method due to Lancaster outperforms the weighted z-test.},
annote = {Cite dans zaikin, ouvre la voie du racine\_ni instead of ni weighting},
author = {Chen, Z},
doi = {10.1111/j.1420-9101.2010.02226.x},
file = {:Users/cmaumet/Documents/Papers/Chen/Chen\_Journal of evolutionary biology\_2011.pdf:pdf},
issn = {1420-9101},
journal = {Journal of evolutionary biology},
keywords = {Computer Simulation,Data Interpretation, Statistical,Meta-Analysis as Topic},
number = {4},
pages = {926--30},
pmid = {21401770},
title = {{Is the weighted z-test the best method for combining probabilities from independent tests?}},
url = {http://www.ncbi.nlm.nih.gov/pubmed/21401770},
volume = {24},
year = {2011}
}
@article{Cummings2004,
author = {Cummings, Peter},
doi = {10.1001/archpedi.158.6.595},
file = {:Users/cmaumet/Documents/Papers/Cummings/Cummings\_Archives of pediatrics \& adolescent medicine\_2004.pdf:pdf},
issn = {1072-4710},
journal = {Archives of pediatrics \& adolescent medicine},
keywords = {Effect Modifier, Epidemiologic,Humans,Meta-Analysis as Topic,Reproducibility of Results,Research Design,Research Design: standards,Statistics as Topic,Statistics as Topic: standards},
number = {6},
pages = {595--7},
pmid = {15184227},
title = {{Meta-analysis based on standardized effects is unreliable.}},
url = {http://www.ncbi.nlm.nih.gov/pubmed/15184227},
volume = {158},
year = {2004}
}
@article{Kang2011a,
author = {Kang, Jian and Johnson, Timothy D and Nichols, Thomas E. and Wager, Tor D},
doi = {10.1198/jasa.2011.ap09735},
file = {:Users/cmaumet/Documents/Papers/Kang et al/Kang et al.\_Journal of the American Statistical Association\_2011.pdf:pdf},
issn = {0162-1459},
journal = {Journal of the American Statistical Association},
keywords = {Bayesian hierarchical model, Emotion study, Latent,bayesian hierarchical model,death process,emotion study,latent process,spatial birth,spatial independent cluster},
number = {493},
pages = {124--134},
pmid = {21706069},
title = {{Meta Analysis of Functional Neuroimaging Data via Bayesian Spatial Point Processes.}},
url = {http://www.pubmedcentral.nih.gov/articlerender.fcgi?artid=3119536\&tool=pmcentrez\&rendertype=abstract},
volume = {106},
year = {2011}
}
@article{Kang2011,
author = {Kang, Jian and Johnson, Timothy D and Nichols, Thomas E. and Wager, Tor D},
doi = {10.1198/jasa.2011.ap09735},
file = {:Users/cmaumet/Documents/Papers/Kang et al/Kang et al.\_Journal of the American Statistical Association\_2011.pdf:pdf},
issn = {0162-1459},
journal = {Journal of the American Statistical Association},
number = {493},
pages = {124--134},
pmid = {21706069},
title = {{Meta Analysis of Functional Neuroimaging Data via Bayesian Spatial Point Processes.}},
url = {http://www.pubmedcentral.nih.gov/articlerender.fcgi?artid=3119536\&tool=pmcentrez\&rendertype=abstract},
volume = {106},
year = {2011}
}
@article{Owen2009,
archivePrefix = {arXiv},
arxivId = {arXiv:0911.3531v1},
author = {Owen, Art B.},
doi = {10.1214/09-AOS697},
eprint = {arXiv:0911.3531v1},
file = {:Users/cmaumet/Documents/Papers/Owen/Owen\_The Annals of Statistics\_2009.pdf:pdf},
issn = {0090-5364},
journal = {The Annals of Statistics},
keywords = {62F03, 62C15, 65T99, 52A01, Admissibility, fast Fo,admissibility,and phrases,fast fourier transform,hypothesis testing,mi-},
number = {6B},
pages = {3867--3892},
title = {{Karl Pearsonâ€™s meta-analysis revisited}},
url = {http://projecteuclid.org/euclid.aos/1256303530},
volume = {37},
year = {2009}
}
@article{Poline2012,
author = {Poline, Jean-Baptiste and Brett, Matthew},
doi = {10.1016/j.neuroimage.2012.01.133},
file = {:Users/cmaumet/Documents/Papers/Poline, Brett/Poline, Brett\_NeuroImage\_2012.pdf:pdf},
issn = {1095-9572},
journal = {NeuroImage},
number = {2},
pages = {871--80},
pmid = {22343127},
publisher = {Elsevier Inc.},
title = {{The general linear model and fMRI: does love last forever?}},
url = {http://www.ncbi.nlm.nih.gov/pubmed/22343127},
volume = {62},
year = {2012}
}

@article{Salimi-khorshidi2011,
doi = {10.1109/TMI.2011.2122341},
file = {:Users/cmaumet/Documents/Papers/Salimi-khorshidi et al/Salimi-khorshidi et al.\_IEEE transactions on medical imaging\_2011.pdf:pdf},
issn = {1558-254X},
journal = {IEEE transactions on medical imaging},
number = {7},
pages = {1401--16},
pmid = {21382766},
title = {{Using Gaussian-process regression for meta-analytic neuroimaging inference based on sparse observations.}},
url = {http://www.ncbi.nlm.nih.gov/pubmed/21382766},
volume = {30},
year = {2011}
}
@article{Salimi-khorshidi2009,
doi = {10.1016/j.neuroimage.2008.12.039},
file = {:Users/cmaumet/Documents/Papers/Salimi-khorshidi et al/Salimi-khorshidi et al.\_NeuroImage\_2009.pdf:pdf},
issn = {1095-9572},
journal = {NeuroImage},
keywords = {Brain,Brain: physiology,Databases,Diagnostic Imaging,Diagnostic Imaging: methods,Diagnostic Imaging: standards,Factual,Humans,Meta-Analysis as Topic},
number = {3},
pages = {810--23},
pmid = {19166944},
publisher = {Elsevier B.V.},
title = {{Meta-analysis of neuroimaging data: a comparison of image-based and coordinate-based pooling of studies.}},
url = {http://www.ncbi.nlm.nih.gov/pubmed/19166944 http://dx.doi.org/10.1016/j.neuroimage.2008.12.039},
volume = {45},
year = {2009}
}
@article{Wager2009,
author = {Wager, Tor D and Lindquist, Martin A and Nichols, Thomas E. and Kober, Hedy and Snellenberg, Jared X Van and {Van Snellenberg}, Jared X},
doi = {10.1016/j.neuroimage.2008.10.061},
file = {:Users/cmaumet/Documents/Papers/Wager et al/Wager et al.\_NeuroImage\_2009.pdf:pdf},
issn = {1095-9572},
journal = {NeuroImage},
keywords = {Brain,Humans,Magnetic Resonance Imaging,Meta-Analysis as Topic,Positron-Emission Tomography,Sensitivity and Specificity},
number = {1 Suppl},
pages = {S210--21},
pmid = {19063980},
title = {{Evaluating the consistency and specificity of neuroimaging data using meta-analysis.}},
url = {http://www.pubmedcentral.nih.gov/articlerender.fcgi?artid=3318962\&tool=pmcentrez\&rendertype=abstract},
volume = {45},
year = {2009}
}
@article{Whitlock2005,
author = {Whitlock, M C},
doi = {10.1111/j.1420-9101.2005.00917.x},
file = {:Users/cmaumet/Documents/Papers/Whitlock/Whitlock\_Journal of evolutionary biology\_2005.pdf:pdf},
issn = {1010-061X},
journal = {Journal of evolutionary biology},
keywords = {Biological Evolution,Computer Simulation,Models, Theoretical,Probability,Research Design},
number = {5},
pages = {1368--73},
pmid = {16135132},
title = {{Combining probability from independent tests: the weighted Z-method is superior to Fisher's approach.}},
url = {http://www.ncbi.nlm.nih.gov/pubmed/16135132},
volume = {18},
year = {2005}
}
@article{Yarkoni2011,
author = {Yarkoni, Tal and Poldrack, Russell A and Nichols, Thomas E. and {Van Essen}, David C and Wager, Tor D and Essen, David C Van},
doi = {10.1038/nmeth.1635},
file = {:Users/cmaumet/Documents/Papers/Yarkoni et al/Yarkoni et al.\_Nature methods\_2011.pdf:pdf},
issn = {1548-7105},
journal = {Nature methods},
keywords = {Brain,Brain Mapping,Brain Mapping: methods,Brain: physiology,Data Mining,Data Mining: methods,Humans,Internet,Magnetic Resonance Imaging,Magnetic Resonance Imaging: methods,Natural Language Processing,Periodicals as Topic,Software},
number = {8},
pages = {665--70},
pmid = {21706013},
title = {{Large-scale automated synthesis of human functional neuroimaging data.}},
url = {http://www.nature.com/nmeth/journal/vaop/ncurrent/full/nmeth.1635.html http://www.pubmedcentral.nih.gov/articlerender.fcgi?artid=3146590\&tool=pmcentrez\&rendertype=abstract},
volume = {8},
year = {2011}
}
@article{Zaykin2011,
author = {Zaykin, D V},
doi = {10.1111/j.1420-9101.2011.02297.x},
issn = {1420-9101},
journal = {Journal of evolutionary biology},
number = {8},
pages = {1836--41},
pmid = {21605215},
title = {{Optimally weighted Z-test is a powerful method for combining probabilities in meta-analysis.}},
volume = {24},
year = {2011}
}
